@misc{smith2018superconvergence,
      title={Super-Convergence: Very Fast Training of Neural Networks Using Large Learning Rates}, 
      author={Leslie N. Smith and Nicholay Topin},
      year={2018},
      eprint={1708.07120},
      archivePrefix={arXiv},
      primaryClass={id='cs.LG' full_name='Machine Learning' is_active=True alt_name=None in_archive='cs' is_general=False description='Papers on all aspects of machine learning research (supervised, unsupervised, reinforcement learning, bandit problems, and so on) including also robustness, explanation, fairness, and methodology. cs.LG is also an appropriate primary category for applications of machine learning methods.'}
}

@misc{cranmer2023interpretable,
      title={Interpretable Machine Learning for Science with PySR and SymbolicRegression.jl}, 
      author={Miles Cranmer},
      year={2023},
      eprint={2305.01582},
      archivePrefix={arXiv},
      primaryClass={id='astro-ph.IM' full_name='Instrumentation and Methods for Astrophysics' is_active=True alt_name=None in_archive='astro-ph' is_general=False description='Detector and telescope design, experiment proposals. Laboratory Astrophysics. Methods for data analysis, statistical methods. Software, database design'}
}

@misc{cranmer2020discoveringsymbolicmodelsdeep,
      title={Discovering Symbolic Models from Deep Learning with Inductive Biases}, 
      author={Miles Cranmer and Alvaro Sanchez-Gonzalez and Peter Battaglia and Rui Xu and Kyle Cranmer and David Spergel and Shirley Ho},
      year={2020},
      eprint={2006.11287},
      archivePrefix={arXiv},
      primaryClass={cs.LG},
      url={https://arxiv.org/abs/2006.11287}, 
}